@book{kurose-livro,
  title={Computer Networking: A Top-Down Approach Featuring the Internet, 3/E},
  author={Kurose, James F},
  year={2005},
  publisher={Pearson Education India}
}

@article{kurose-artigo,
  title={Frequent somatic mutations in PTEN and TP53 are mutually exclusive in the stroma of breast carcinomas},
  author={Kurose, Keisuke and Gilley, Kristie and Matsumoto, Satoshi and Watson, Peter H and Zhou, Xiao-Ping and Eng, Charis},
  journal={Nature genetics},
  volume={32},
  number={3},
  pages={355--357},
  year={2002},
  publisher={Nature Publishing Group}
}

@misc{kurose-site,
  title = {{ICMJE} ; Defining the Role of Authors and Contributors},
  howpublished = {\url{"http://www.icmje.org/recommendations/browse/roles-and-responsibilities/defining-the-role-of-authors-and-contributors.html#two"}},
  note = {Acessado em: 2016-12-20}
}

@inproceedings{kurose-inprocedings,
  title={Periodic broadcast and patching services: implementation, measurement, and analysis in an internet streaming video testbed},
  author={Bradshaw, Michael K and Wang, Bing and Gao, Lixin and Kurose, Jim and Shenoy, Prashant and Towsley, Don and Sen, Subhabrata},
  booktitle={Proceedings of the ninth ACM international conference on Multimedia},
  pages={280--290},
  year={2001},
  organization={ACM}
}

